@article{McGeer01041990,
  author = {McGeer, Tad}, 
  title = {\href{http://ijr.sagepub.com/content/9/2/62.abstract}{Passive Dynamic Walking}}, 
  volume = {9}, 
  number = {2}, 
  pages = {62-82}, 
  year = {1990}, 
  doi = {10.1177/027836499000900206}, 
  URL = {http://ijr.sagepub.com/content/9/2/62.abstract}, 
  eprint = {http://ijr.sagepub.com/content/9/2/62.full.pdf+html}, 
  journal = {The International Journal of Robotics Research}
}

@article{kalman1960new,
  title={A new approach to linear filtering and prediction problems},
  author={Kalman, R.E.},
  journal={Journal of Basic Engineering},
  volume={82},
  number={1},
  pages={35--45},
  year={1960},
  publisher={Citeseer}
}

@article{Mouragnon09ivc,
 author = {E. Mouragnon and M. Lhuillier and M. Dhome and F. Dekeyser and P. Sayd},
 title = {\href{http://www.sciencedirect.com/science/article/pii/S0262885608002436}{Generic and Real-Time Structure from Motion using {Local Bundle Adjustment}}},
 journal = {Image and Vision Computing},
 volume = {27},
 number = {8},
 pages  = {1178--1193},
 year = {2009}
 }
 