
%% Support sites:
%% http://www.ctan.org/tex-archive/macros/latex/contrib/supported/IEEEtran/ 
%% and/or
%% http://www.ieee.org
%%**********************************************************************
%% Legal Notice:
%% This code is offered as-is without any warranty either expressed or
%% implied; without even the implied warranty of MERCHANTABILITY or
%% FITNESS FOR A PARTICULAR PURPOSE!
%% User assumes all risk.
%% In no event shall IEEE or any contributor to this code be liable for
%% any damages or losses, including, but not limited to, incidental,
%% consequential, or any other damages, resulting from the use or misuse
%% of any information contained here.
%%
%% This code is distributed under the Perl Artistic License 
%% ( http://language.perl.com/misc/Artistic.html ) 
%% and may be freely used, distributed and modified - subject to the
%% constraints therein.
%% Retain all contribution notices, credits and disclaimers.
%% 
%% All comments are the opinions of their respective authors and are not
%% necessarily endorsed by the IEEE.
%%**********************************************************************

% Note that, because the example references were taken from actual IEEE
% publications, these examples do not always contain the full amount
% of information that may be desirable (for use with other BibTeX styles).
% In particular, full names (not abbreviated with initials) should be
% entered whenever possible as some (non-IEEE) bibliography styles use
% full names. IEEEtran.bst will automatically abbreviate when it
% encounters full names.
 

% references for the IEEEtran.bst documentation
% the distribution site for IEEEtran.bst

@Comment(BIBTEMPLATE .)
@Comment(BIBREFERENCES stdalphabetic)
@Comment{BIBSEPARATORS ",;&"}
		  
% BibTeX bibliography string definitions of the ABBREVIATED titles of
% IEEE journals and magazines taken from IEEEabrv.bib
@STRING{AES   = "{IEEE} Trans. Aerosp. Electron. Syst."}
@STRING{AS    = "{IEEE} Trans. Aerosp."}
@STRING{IP    = "{IEEE} Trans. Image Processing"}
@STRING{ITAC  = "{IEEE} Trans. Automat. Contr."}
@STRING{PAMI  = "{IEEE} Trans. Pattern Anal. Machine Intell."}
@string{SMC   = "{IEEE} Trans. Syst., Man, Cybern."}
@string{SP    = "{IEEE} Trans. Signal Processing"}
@string{TRA   = "{IEEE} Trans. Robot. Automat."}
@string{TRO   = "{IEEE} Trans. Robotics"}
@string{RAM   = "{IEEE} Robotics and Automation Magazine"}
@string{ASSP  = "{IEEE} Trans. Acoust., Speech, Signal Processing"}
@string{IT    = "{IEEE} Trans. Inform. Theory"}
@string{ITS   = "{IEEE} Trans. on Intelligent Transportation Systems"}
@string{IPT    = "{IEEE} Trans. on Image Processing"}
@string{TCAS		 = "{IEEE} Trans. on Circuits and Systems"}
@string{TVCG  = "(IEEE) Trans. on Visualization and Computer Graphics"}

% Other Journals
@string{AI    = "Artificial Intelligence"}
@string{JAIR  = "Journal of Artificial Intelligence Research"}
@string{CVIU  = "Computer Vision and Image Understanding"}
@string{GMIP  = "CVGIP:Graphical Models and Image Processing"}
@string{IJCV  = "Intl. J. of Computer Vision"}
@string{IJRR  = "Intl. J. of Robotics Research"}
@string{IJHR  = "Intl. J. of Humanoid Robotics"}
@string{IVC   = "Image and Vision Computing"}
@string{JMLR  = "J. of Machine Learning Research"}
@string{JVCIR = "J. of Visual Communication and Image Representation"}
@string{ML    = "Machine learning"}
@string{PR    = "Pattern Recognition"}
@string{PRL   = "Pattern Recognition Letters"}
@string{RAS   = "Journal of Robotics and Autonomous Systems"}
@string{JFR   = "Journal of Field Robotics"}
@string{RoyalP = "Proceedings of Royal Society of London"}
@string{JOSAA = "Journal of the Optical Society of America A"}
@string{tcs   = "Theoretical Computer Science"}
@string{AR    = "Autonomous Robots"}
@string{JEPLMC= "Journal of Experimental Psychology: Learning,Memory, \& Cognition"}
@string{MVA = "Machine Vision and Applications"}

% Mathematics Journals
@string{SINUM = "SIAM Journal on Numerical Analysis (SINUM)"}
@string{SIAP = "SIAM Journal on Applied Mathematics (SIAP)"}
@string{IPI = "Inverse Problems and Imaging (IPI)"}
@string{SIIMS = "SIAM Journal on Imaging Sciences (SIIMS)"}

% Image processing conferences
@string{ICIP = "Intl. Conf. on Image Processing (ICIP)"}
@string{IAPR = "Intl. Conf. on Image Processing A"}
@string{ICASSP = "Intl. Conf. Acoust., Speech, and Signal Proc. (ICASSP)"}

% Vision Conferences
@string{BMVC = "British Machine Vision Conf. (BMVC)"}
@string{CVPR = "IEEE Conf. on Computer Vision and Pattern Recognition (CVPR)"}
@string{ACCV = "Asian Conf. on Computer Vision (ACCV)"}
@string{ECCV = "Eur. Conf. on Computer Vision (ECCV)"}
@string{ICCV = "Intl. Conf. on Computer Vision (ICCV)"}
@string{ICPR = "Intl. Conf. on Pattern Recognition (ICPR)"}
@string{RVS95 = "Representation of Visual Scenes"}
@string{SPIE = "Intl. Soc. Opt. Eng. (SPIE)"}
@string{SIGGRAPH = "SIGGRAPH"}
@string{AICV94 = "Application of Invariance in Computer Vision"}
@string{FG = "Intl. Conf. on Automatic Face and Gesture Recognition"}
@string{PVT = "3D Data Processing Visualization and Transmission (3DPVT)"}
@string{ICIAR = "International Conference on Image Analysis and Recognition"}

% Robotics Conferences
@string{ICRA = "IEEE Intl. Conf. on Robotics and Automation (ICRA)"}
@string{IROS = "IEEE/RSJ Intl. Conf. on Intelligent Robots and Systems (IROS)"}
@string{FSR = "Field and Service Robotics (FSR)"}
@string{RSS = "Robotics: Science and Systems (RSS)"}
@string{CIRA = "IEEE Intl. Symp. on Computational Intelligence in Robotics and Automation (CIRA)"}
@string{ISRR = "Proc. of the Intl. Symp. of Robotics Research (ISRR)"}
@string{HUMANOIDS = "IEEE-RAS Intl. Conference on Humanoid Robots"}
@string{SMC = "IEEE Intl. Conference on Systems, Man and Cybernetics"}
@string{ROMAN = "IEEE Intl. Symposium on Robot and Human Interactive Communication (RO-MAN)"}

%Medical Conferences
@string{MICCAI = "Medical Image Computing and Computer Assisted Intervention (MICCAI)"}
@string{MIUA = "Medical Image Understanding and Analysis"}
@string{EMBS = "International IEEE Engineering in Medicine and Biology Society (EMBS)"}

% Augmented Reality Conferences
@string{ISMAR = "IEEE and ACM Intl. Sym. on Mixed and Augmented Reality (ISMAR)"}
@string{ISAR = "IEEE and ACM Intl. Sym. on Augmented Reality (ISAR)"}
@string{ISMR = "Intl. Sym. on Mixed Reality (ISMR)"}
@string{CVE = "ACM Intl. Conf. on Collaborative Virtual Environments (CVE)"}
@string{ISWC = "IEEE Intl. Sym. on Wearable Computers (ISWC)"}

%AI Conferences
@string{AAAI = "Nat. Conf. on Artificial Intelligence (AAAI)"}
@string{IJCAI = "Intl. Joint Conf. on AI (IJCAI)"}
@string{NIPS = "Advances in Neural Information Processing Systems (NIPS)"}
@string{ICML = "Intl. Conf. on Machine Learning (ICML)"}
@string{ECML = "Eur. Conf. on Machine Learning (ECML)"}
@string{UAI = "Conf. on Uncertainty in Artificial Intelligence (UAI)"}

%Multimedia Conference
@string{ICME = "IEEE Intl. Conf. on Multimedia and Expo(ICME)"}

%DataMining Conferences
@string{KDD = "Intl. Conf. Knowledge Discovery and Data Mining (KDD)"}

%Graphics Conferences
@string{_3DIM = "Intl. Conf. on 3D Digital Imaging and Modeling"}
@string{IVIS = "IEEE Visualization"}

%Architecture Conferences
@string{EPB = "Environment and Planning B: Planning and Design"}

% Theory Conferences
@string{STOC  ="ACM Symp. on Theory of Computing (STOC)"}
@string{ICFP = "Intl. Conf. on Functional Programming (ICFP)"}

% Control Conferences
@string{CDC = "IEEE Conference on Decision and Control"}
@string{ACC = "American Control Conference"}

% Information Retrieval Conferences
@string{SIGIR = "ACM Special Interest Group on Information Retrieval"}

%ITS Conferences
@string{IV = "IEEE Intelligent Vehicles Symposium (IV)"}
@string{ITSC = "IEEE Intelligent Transportations Systems Conference (ITSC)"}

%Machine Learning Conferences
@string{NIPS = "Advances in Neural Information Processing Systems"}

% Workshops
@string{IUW  = "DARPA Image Understanding Workshop (IUW)"}
@string{WACV = "IEEE Workshop on Applications of Computer Vision (WACV)"}
@string{ISER = "Intl. Sym. on Experimental Robotics (ISER)"}
@string{IPSN = "Intl. Sym. on Information Processing in Sensor Networks (IPSN)"}

% Publishers
@string{kluwer = "Kluwer"}
@string{springer = "Springer Verlag"}
@string{ieeepress = "IEEE Computer Society Press"}
@string{addison = "Addison-Wesley Publishing"}
@string{ap = "Academic Press"}
@string{chap = "Chapman and Hall"}
@string{MIT = "The MIT press, Cambridge, MA"}
@string{Wiley = "John Wiley \& Sons, New York, NY"}

% Institutions
@string{CoC = "College of Computing, Georgia Institute of Technology"}
@string{UAH = "University of Alcalá"}
@string{IMP = "Imperial College of London"}
@string{AIST = "National Institute of Advanced Science and Technolgy, Japan"}

%********************************************************************************************************
%********************************************************************************************************

@inproceedings{Alcantarilla10icra,
   author = {P.F. Alcantarilla and S.M. Oh and G. Mariottini and L.M. Bergasa and F. Dellaert},
   title = {\href{http://ieeexplore.ieee.org/xpl/freeabs_all.jsp?arnumber=5509383}{Learning Visibility of Landmarks for Vision-Based Localization}},
   booktitle = ICRA, 
   address = {Anchorage, AK, USA},
   year = {2010} 
}

@inproceedings{Alcantarilla11icra,
   author = {P.F. Alcantarilla and K. Ni and L.M. Bergasa and F. Dellaert},
   title = {\href{http://ieeexplore.ieee.org/xpl/freeabs_all.jsp?arnumber=5979650}{Visibility Learning in Large-Scale Urban Environment}},
   booktitle = ICRA, 
   address = {Shanghai, China},
   year = {2011}
}

@article{Ansar03pami,
  author = {A. Ansar and K. Danilidis},
  title = {\href{http://ieeexplore.ieee.org/xpl/freeabs_all.jsp?arnumber=1195992}{Linear Pose Estimation from Points or Lines}},
  journal = PAMI,
  volume = {25},
  number = {4},
  Month = {April},
  pages = {1--12},
  year = {2003}
 }
 
 
@article{Atkeson97ai,
    author = {C. Atkeson and  A. Moore and S. Schaal},
    title = {Locally Weighted Learning},
    journal = {{AI Review}},
    volume = {11},
    pages = {11--73},
    Month = {April},
    Year = {1997},
    Publisher = {Kluwer}
}

@article{Bay08cviu,
 author = {H. Bay and A. Ess and T. Tuytelaars and L. Van Gool},
 title = {\href{http://www.scopus.com/record/display.url?eid=2-s2.0-43049174575&origin=inward&txGid=3y4cvQdsjVy32t4Oza5VsiN\%3a4}{{SURF}: Speeded Up Robust Features}},
 journal = CVIU,
 volume = 110,
 number = 3,
 pages = {346--359},
 year = {2008}
}

@inproceedings{Bolles81ijcai,
  author = {R. Bolles and M. Fischler},
  title = {A {RANSAC}-based approach to model fitting and its application to finding cylinders in range data},
  booktitle = IJCAI,
  address = {Vancouver, Canada},
  year = 1981,
  pages = {637--643}
}

@inproceedings{Harris88avc,
  author = 	 {C. Harris and M. Stephens},
  title = 	 {A combined corner and edge detector},
  booktitle = {Proc. Fourth Alvey Vision Conference},
  pages = 	 {147--151},
  year = 	 {1988}
 }

@article{Hartley99ijcv,
  author = {R. Hartley},
  title = {\href{http://www.springerlink.com/content/j878847184316661/}{Theory and Practice of Projective Rectification}},
  journal = IJCV,
  pages = {115--127},
  volume = {35},
  issue = {2},
  year = {1999}
}

@inproceedings{Kaess09icra,
 author = {Kaess, M. and Ni, K. and Dellaert, F},
 title = {\href{http://ieeexplore.ieee.org/xpl/freeabs_all.jsp?arnumber=5152333}{Flow separation for fast and robust stereo odometry}},
 booktitle = ICRA,
 address = {Kobe, Japan},
 year = {2009}
}

@article{Mouragnon09ivc,
 author = {E. Mouragnon and M. Lhuillier and M. Dhome and F. Dekeyser and P. Sayd},
 title = {\href{http://www.sciencedirect.com/science/article/pii/S0262885608002436}{Generic and Real-Time Structure from Motion using Local Bundle Adjustment}},
 journal = IVC,
 volume = {27},
 number = {8},
 pages  = {1178--1193},
 year = {2009}
 }
 


%********************************************************************************************************
%********************************************************************************************************

% An example of a IEEEtran control entry which can change some IEEEtran.bst
% settings. An entry like this must be cited via \bstctlcite{} command
% before the first real \cite{}. The same entry key cannot be called twice
% (just like multiple \cite{} of the same entry key place only one entry
% in the bibliography.)
% The available control fields are:
% 
% CTLuse_article_number
% "no" turns off the display of the number for articles.
% "yes" enables
%
% CTLuse_paper
% "no" turns off the display of the paper and type fields in inproceedings.
% "yes" enables
% 
% CTLuse_forced_etal 
% "no" turns off the forced use of "et al."
% "yes" enables
% 
% CTLmax_names_forced_etal
% The maximum number of names that can be present beyond which an "et al."
% usage is forced. Be sure that CTLnames_show_etal (below)
% is not greater than this value!
% 
% CTLnames_show_etal
% The number of names that will be shown with a forced "et al.".
% Must be less than or equal to CTLmax_names_forced_etal
% 
% CTLuse_alt_spacing 
% "no" turns off the alternate interword spacing for entries with URLs.
% "yes" enables
% 
% CTLalt_stretch_factor
% If alternate interword spacing for entries with URLs is enabled, this is
% the interword spacing stretch factor that will be used. For example, the
% default "4" here means that the interword spacing in entries with URLs can
% stretch to four times normal. Does not have to be an integer.
% 
% CTLdash_repeated_names
% "no" turns off the "dashification" of repeated (i.e., identical to those
% of the previous entry) names. IEEE normally does this.
% "yes" enables
% 
% CTLname_format_string
% The name format control string as explained in the BibTeX style hacking
% guide.
% IEEE style "{f.~}{vv~}{ll}{, jj}" is the default,
% 
% CTL_name_latex_cmd
% A LaTeX command that each name will be fed to (e.g., "\textsc").
% Leave empty if no special font is desired for the names.
% The default is empty.
% 
% Those fields that are not to be changed can be left out or empty.
@IEEEtranBSTCTL{BSTcontrol,
  CTLuse_article_number     = "yes",
  CTLuse_paper              = "yes",
  CTLuse_forced_etal        = "no",
  CTLmax_names_forced_etal  = "10",
  CTLnames_show_etal        = "1",
  CTLuse_alt_spacing        = "yes",
  CTLalt_stretch_factor     = "4",
  CTLdash_repeated_names    = "yes",
  CTLname_format_string     = "{f.~}{vv~}{ll}{, jj}",
  CTLname_latex_cmd         = ""
};

